00100000         0000000000000009103700000024       0027630000000354023                               BANCO DO BRASIL SA                      20705201003031200009003000000036137034PROCESSAM                                                   
00100011T0701010 000000000000000910370000           00276300000000276300000003540230                              06052010000000                                                                                    00000000          0200000000
0010001300001O00000000100672 001300152153 850155                 00000000002122630042010                    0000010027600276000000035402000000000000000000000000000000000000000000000                                                00300000000
0010001300002O00000003300803 000001034263 000001                 00000000003158305052010                    0000010027600276000000035402000000000000000000000000000000000000000000000                                                00300000000
0010001300003O00000039900062 000062144873 985518                 00000000001305530042010                    0000010027600276000000035402000000000000000000000000000000000000000000000                                                00300000000
00100015         000005000000000000065864000003                                                    000000000000000000000000000000000000000000000000000000000000000000000000000000                                                       00000000
00199999         000001000007000001                                                                                                                                                                                                             
