00100000         2059916780001050016272050014       0522130000005247233 CONSOLI EVENTOS LTDA          BANCO DO BRASIL                         20605201001303600029803000000036137034PROCESSAMEN                                                 
00100011T0100020 20059916780001050016272050014       0522130000005247233 CONSOLI EVENTOS LTDA                                                                                          000000000605201000000000  000000000                      
0010001300001T 060522130000005247233 16272060000000036   4113006         06052010000000000135000001052213113                      0900000000000000000000000000000000000000000000000000000   000000000000000000000000000        170431627206     
0010001300002U 060000000000000000000000000000000000000000000000000000000000000000000001350000000000000000000000000000000000000000000000000605201006052010            000000000000000                              000                           
00100015         000004000000000000000000000000000000000000000000000000000000000000000000000000000000000000000000000000000000000000000000000000000                                                                                              
00199999         000001000006000000                                                                                                                                                            00000000000000000000000000000                    
