02RETORNO01COBRANCA DIRETA000210000000524723  CONSOLI EVENTOS LTDA          027BESC S/A       06051001600BPI00000322                                                                                                                                                                                                                                                  522130052472330595607               000001
920102700000322  0000000000000000000000                                                                                                                                                                                                                                                                                                                                                                   000002
